% Encoding: UTF-8

@Article{Park2009OE,
  author  = {Jae-Hyeung Park and Min-Su Kim and Ganbat Baasantseren and Nam Kim},
  title   = {Fresnel and Fourier hologram generation using orthographic projection images},
  journal = {Optics Express},
  year    = {2009},
  volume  = {17},
  number  = {8},
  pages   = {6320},
  month   = {apr},
  doi     = {10.1364/oe.17.006320},
}

@Article{Chen2017AO,
  author    = {Ni Chen and Zhenbo Ren and Dayan Li and Edmund Y. Lam and Guohai Situ},
  title     = {Analysis of the noise in backprojection light field acquisition and its optimization},
  journal   = {Applied Optics},
  year      = {2017},
  volume    = {56},
  number    = {13},
  pages     = {F20},
  month     = {feb},
  doi       = {10.1364/ao.56.000f20},
  publisher = {The Optical Society},
}

@Article{Latychevskaia2010OE,
  author    = {Tatiana Latychevskaia and Fabian Gehri and Hans-Werner Fink},
  title     = {Depth-resolved holographic reconstructions by three-dimensional deconvolution},
  journal   = {Optics Express},
  year      = {2010},
  volume    = {18},
  number    = {21},
  pages     = {22527},
  month     = {oct},
  doi       = {10.1364/oe.18.022527},
  publisher = {The Optical Society},
}

@Article{Chen2011OE,
  author    = {Ni Chen and Jiwoon Yeom and Jae-Hyun Jung and Jae-Hyeung Park and Byoungho Lee},
  title     = {Resolution comparison between integral-imaging-based hologram synthesis methods using rectangular and hexagonal lens arrays},
  journal   = {Optics Express},
  year      = {2011},
  volume    = {19},
  number    = {27},
  pages     = {26917},
  month     = {dec},
  doi       = {10.1364/oe.19.026917},
  publisher = {The Optical Society},
}

@Article{Pavillon2010OE,
  author    = {Nicolas Pavillon and Cristian Arfire and Isabelle BergoÃ«nd and Christian Depeursinge},
  title     = {Iterative method for zero-order suppression in off-axis digital holography},
  journal   = {Optics Express},
  year      = {2010},
  volume    = {18},
  number    = {15},
  pages     = {15318},
  month     = {jul},
  doi       = {10.1364/oe.18.015318},
  publisher = {The Optical Society},
}

@Article{Matsushima2009OE,
  author    = {Kyoji Matsushima and Tomoyoshi Shimobaba},
  title     = {Band-limited angular spectrum method for numerical simulation of free-space propagation in far and near fields},
  journal   = {Optics Express},
  year      = {2009},
  volume    = {17},
  number    = {22},
  pages     = {19662},
  month     = {oct},
  doi       = {10.1364/oe.17.019662},
  publisher = {The Optical Society},
}

@Article{Chen2016AO,
  author    = {Ni Chen and Zhenbo Ren and Edmund Y. Lam},
  title     = {High-resolution Fourier hologram synthesis from photographic images through computing the light field},
  journal   = {Applied Optics},
  year      = {2016},
  volume    = {55},
  number    = {7},
  pages     = {1751},
  month     = {mar},
  doi       = {10.1364/ao.55.001751},
  publisher = {The Optical Society},
}

@Article{Chen2010OE,
  author    = {Ni Chen and Jae-Hyeung Park and Nam Kim},
  title     = {Parameter analysis of integral Fourier hologram and its resolution enhancement},
  journal   = {Optics Express},
  year      = {2010},
  volume    = {18},
  number    = {3},
  pages     = {2152},
  month     = {jan},
  doi       = {10.1364/oe.18.002152},
  publisher = {The Optical Society},
}

@Article{Latychevskaia2014OE,
  author    = {Tatiana Latychevskaia and Hans-Werner Fink},
  title     = {Holographic time-resolved particle tracking by means of three-dimensional volumetric deconvolution},
  journal   = {Optics Express},
  year      = {2014},
  volume    = {22},
  number    = {17},
  pages     = {20994},
  month     = {aug},
  doi       = {10.1364/oe.22.020994},
  publisher = {The Optical Society},
}

@Article{Shimobaba2019AO,
  author    = {Tomoyoshi Shimobaba and Takayuki Takahashi and Yota Yamamoto and Yutaka Endo and Atsushi Shiraki and Takashi Nishitsuji and Naoto Hoshikawa and Takashi Kakue and Tomoyosh Ito},
  title     = {Digital holographic particle volume reconstruction using a deep neural network},
  journal   = {Applied Optics},
  year      = {2019},
  volume    = {58},
  number    = {8},
  pages     = {1900},
  month     = {mar},
  issn      = {1559-128X},
  date      = {2018-10-21},
  doi       = {10.1364/ao.58.001900},
  publisher = {The Optical Society},
}

@Article{Latychevskaia2007PRL,
  author    = {Tatiana Latychevskaia and Hans-Werner Fink},
  title     = {Solution to the Twin Image Problem in Holography},
  journal   = {Physical Review Letters},
  year      = {2007},
  volume    = {98},
  number    = {23},
  month     = {jun},
  doi       = {10.1103/physrevlett.98.233901},
  publisher = {American Physical Society ({APS})},
}

@Article{Jeong2008JOSK,
  author  = {Min-Ok Jeong and Nam Kim and Jae-Hyeung Park},
  title   = {Elemental Image Synthesis for Integral Imaging Using Phase-shifting Digital Holography},
  journal = {Journal of the Optical Society of Korea},
  year    = {2008},
  volume  = {12},
  number  = {4},
  pages   = {275-280},
  month   = {Dec},
  issn    = {1226-4776},
  doi     = {10.3807/josk.2008.12.4.275},
}

@Book{Goodman2005,
  title     = {Introduction to {F}ourier Optics},
  publisher = {Roberts and Company Publishers},
  year      = {2004},
  author    = {Joseph W. Goodman},
}

@Article{Chen2018Sensors,
  author  = {Ni Chen and Chao Zuo and Edmund Y. Lam and Byoungho Lee},
  title   = {3D Imaging based on Depth Measurement Technologies},
  journal = {Sensors},
  year    = {2018},
  month   = {sep},
}

@Article{Eom2018Sensors,
  author    = {Junseong Eom and Sangjun Moon},
  title     = {Three-Dimensional High-Resolution Digital Inline Hologram Reconstruction with a Volumetric Deconvolution Method},
  journal   = {Sensors},
  year      = {2018},
  volume    = {18},
  number    = {9},
  pages     = {2918},
  month     = {sep},
  doi       = {10.3390/s18092918},
  publisher = {{MDPI} {AG}},
}

@Article{Latychevskaia2009OE,
  author    = {Tatiana Latychevskaia and Hans-Werner Fink},
  title     = {Simultaneous reconstruction of phase and amplitude contrast from a single holographic record},
  journal   = {Optics Express},
  year      = {2009},
  volume    = {17},
  number    = {13},
  pages     = {10697},
  month     = {jun},
  doi       = {10.1364/oe.17.010697},
  publisher = {The Optical Society},
}

@Article{Burckhardt1970AO,
  author    = {C. B. Burckhardt},
  title     = {A Simplification of Lee's Method of Generating Holograms by Computer},
  journal   = {Applied Optics},
  year      = {1970},
  volume    = {9},
  number    = {8},
  pages     = {1949},
  month     = {aug},
  doi       = {10.1364/ao.9.001949},
  publisher = {The Optical Society},
}

@Article{Hsueh1978AO,
  author    = {C. K. Hsueh and A. A. Sawchuk},
  title     = {Computer-generated double-phase holograms},
  journal   = {Applied Optics},
  year      = {1978},
  volume    = {17},
  number    = {24},
  pages     = {3874},
  month     = {dec},
  doi       = {10.1364/ao.17.003874},
  publisher = {The Optical Society},
}

@Article{Ito2002OL,
  author    = {Tomoyoshi Ito and Tomoyoshi Shimobaba and Hirokazu Godo and Masahiko Horiuchi},
  title     = {Holographic reconstruction with a 10-$\mathrm{\mu}$m pixel-pitch reflective liquid-crystal display by use of a light-emitting diode reference light},
  journal   = {Optics Letters},
  year      = {2002},
  volume    = {27},
  number    = {16},
  pages     = {1406},
  month     = {aug},
  doi       = {10.1364/ol.27.001406},
  publisher = {The Optical Society},
}

@Article{Ito2004OE,
  author    = {Tomoyoshi Ito and Koji Okano},
  title     = {Color electroholography by three colored reference lights simultaneously incident upon one hologram panel},
  journal   = {Optics Express},
  year      = {2004},
  volume    = {12},
  number    = {18},
  pages     = {4320},
  month     = {sep},
  doi       = {10.1364/opex.12.004320},
  publisher = {The Optical Society},
}

@InProceedings{Ozaki2012SPIE,
  author    = {Miyu Ozaki and Jun-ichi Kato and Satoshi Kawata},
  title     = {Surface-plasmon holography with white light illumination},
  booktitle = {Metamaterials: Fundamentals and Applications V},
  year      = {2012},
  editor    = {Allan D. Boardman and Nader Engheta and Mikhail A. Noginov and Nikolay I. Zheludev},
  month     = {sep},
  publisher = {{SPIE}},
  doi       = {10.1117/12.930161},
}

@Article{Ozaki2013AO,
  author    = {Miyu Ozaki and Jun-ichi Kato and Satoshi Kawata},
  title     = {Color selectivity of surface-plasmon holograms illuminated with white light},
  journal   = {Applied Optics},
  year      = {2013},
  volume    = {52},
  number    = {27},
  pages     = {6788},
  month     = {sep},
  doi       = {10.1364/ao.52.006788},
  publisher = {The Optical Society},
}

@Article{Makowski2008OE,
  author    = {Michal Makowski and Maciej Sypek and Andrzej Kolodziejczyk},
  title     = {Colorful reconstructions from a thin multi-plane phase hologram},
  journal   = {Optics Express},
  year      = {2008},
  volume    = {16},
  number    = {15},
  pages     = {11618--11623},
  doi       = {10.1117/12.822421},
  publisher = {Optical Society of America},
}

@Article{Shimobaba2011OE,
  author        = {Tomoyoshi Shimobaba and Takayuki Takahashi and Nobuyuki Masuda and Tomoyoshi Ito},
  title         = {Numerical study of color holographic projection using space-division method},
  journal       = {Optics Express},
  year          = {2011},
  volume        = {19},
  number        = {11},
  pages         = {10287},
  month         = {may},
  __markedentry = {[BK:6]},
  doi           = {10.1364/oe.19.010287},
  publisher     = {The Optical Society},
}

@InProceedings{Park2010OSA,
  author    = {Jae-Hyeung Park and Seung-Woo Seo and Ni Chen and Nam Kim},
  title     = {Hologram synthesis from defocused images captured under incoherent illumination},
  booktitle = {Biomedical Optics and 3-D Imaging},
  year      = {2010},
  publisher = {{OSA}},
  doi       = {10.1364/biomed.2010.jma29},
}

@Article{Li2014OE,
  author    = {Zhaohui Li and Jianqi Zhang and Xiaorui Wang and Delian Liu},
  title     = {High resolution integral holography using Fourier ptychographic approach},
  journal   = {Optics Express},
  year      = {2014},
  volume    = {22},
  number    = {26},
  pages     = {31935},
  month     = {dec},
  doi       = {10.1364/oe.22.031935},
  publisher = {The Optical Society},
}

@Article{Tian2014OL,
  author    = {Lei Tian and Jingyan Wang and Laura Waller},
  title     = {3D differential phase-contrast microscopy with computational illumination using an {LED} array},
  journal   = {Optics Letters},
  year      = {2014},
  volume    = {39},
  number    = {5},
  pages     = {1326},
  month     = {feb},
  doi       = {10.1364/ol.39.001326},
  publisher = {The Optical Society},
}

@Article{Lee2013OE,
  author    = {Sung-Keun Lee and Sung-In Hong and Yong-Soo Kim and Hong-Gi Lim and Na-Young Jo and Jae-Hyeung Park},
  title     = {Hologram synthesis of three-dimensional real objects using portable integral imaging camera},
  journal   = {Optics Express},
  year      = {2013},
  volume    = {21},
  number    = {20},
  pages     = {23662},
  month     = {sep},
  doi       = {10.1364/oe.21.023662},
  publisher = {The Optical Society},
}

@Article{Ke2011AO,
  author    = {Jun Ke and Ting-Chung Poon and Edmund Y. Lam},
  title     = {Depth resolution enhancement in optical scanning holography with a dual-wavelength laser source},
  journal   = {Applied Optics},
  year      = {2011},
  volume    = {50},
  number    = {34},
  pages     = {H285},
  month     = {dec},
  doi       = {10.1364/ao.50.00h285},
  publisher = {The Optical Society},
}

@Article{Ou2013AO,
  author    = {Haiyan Ou and Ting-Chung Poon and Kenneth K. Y. Wong and Edmund Y. Lam},
  title     = {Depth resolution enhancement in double-detection optical scanning holography},
  journal   = {Applied Optics},
  year      = {2013},
  volume    = {52},
  number    = {13},
  pages     = {3079},
  month     = {apr},
  doi       = {10.1364/ao.52.003079},
  publisher = {The Optical Society},
}

@Article{Ou2014PR,
  author    = {Haiyan Ou and Ting-Chung Poon and Kenneth K. Y. Wong and Edmund Y. Lam},
  title     = {Enhanced depth resolution in optical scanning holography using a configurable pupil},
  journal   = {Photonics Research},
  year      = {2014},
  volume    = {2},
  number    = {2},
  pages     = {64},
  month     = {mar},
  doi       = {10.1364/prj.2.000064},
  publisher = {The Optical Society},
}

@Article{Kim2006AO,
  author    = {Taegeun Kim},
  title     = {Optical sectioning by optical scanning holography and a Wiener filter},
  journal   = {Applied Optics},
  year      = {2006},
  volume    = {45},
  number    = {5},
  pages     = {872},
  month     = {feb},
  doi       = {10.1364/ao.45.000872},
  publisher = {The Optical Society},
}

@Article{Kim2008AO,
  author    = {Hwi Kim and Sung-Wook Min and Byoungho Lee and Ting-Chung Poon},
  title     = {Optical sectioning for optical scanning holography using phase-space filtering with Wigner distribution functions},
  journal   = {Applied Optics},
  year      = {2008},
  volume    = {47},
  number    = {19},
  pages     = {D164},
  month     = {apr},
  doi       = {10.1364/ao.47.00d164},
  publisher = {The Optical Society},
}

@Article{Lam2009AO,
  author    = {Edmund Y. Lam and Xin Zhang and Huy Vo and Ting-Chung Poon and Guy Indebetouw},
  title     = {Three-dimensional microscopy and sectional image reconstruction using optical scanning holography},
  journal   = {Applied Optics},
  year      = {2009},
  volume    = {48},
  number    = {34},
  pages     = {H113},
  month     = {oct},
  doi       = {10.1364/ao.48.00h113},
  publisher = {The Optical Society},
}

@Article{Zhang2010JOSA,
  author    = {Xin Zhang and Edmund Y. Lam},
  title     = {Edge-preserving sectional image reconstruction in optical scanning holography},
  journal   = {Journal of the Optical Society of America A},
  year      = {2010},
  volume    = {27},
  number    = {7},
  pages     = {1630},
  month     = {jun},
  doi       = {10.1364/josaa.27.001630},
  publisher = {The Optical Society},
}

@Article{Xin2010OL,
  author    = {Zhou Xin and Kelly Dobson and Yukitaka Shinoda and Ting-Chung Poon},
  title     = {Sectional image reconstruction in optical scanning holography using a random-phase pupil},
  journal   = {Optics Letters},
  year      = {2010},
  volume    = {35},
  number    = {17},
  pages     = {2934},
  month     = {aug},
  doi       = {10.1364/ol.35.002934},
  publisher = {The Optical Society},
}

@Article{Yamaguchi2008OaPN,
  author    = {Ichirou Yamaguchi},
  title     = {Phase-Shifting Digital Holography},
  journal   = {Optics and Photonics News},
  year      = {2008},
  volume    = {19},
  number    = {7},
  pages     = {48},
  month     = {jul},
  doi       = {10.1364/opn.19.7.000048},
  publisher = {The Optical Society},
}

@Article{Poon2009JOSK,
  author  = {Ting-Chung Poon},
  title   = {Optical Scanning Holography - A Review of Recent Progress},
  journal = {Journal of the Optical Society of Korea},
  year    = {2009},
  volume  = {13},
  pages   = {406-415},
  issn    = {1226-4776},
  doi     = {10.3807/josk.2009.13.4.406},
}

@Article{Hong2011AO,
  author    = {Jisoo Hong and Youngmin Kim and Hee-Jin Choi and Joonku Hahn and Jae-Hyeung Park and Hwi Kim and Sung-Wook Min and Ni Chen and Byoungho Lee},
  title     = {Three-dimensional display technologies of recent interest: principles, status, and issues [Invited]},
  journal   = {Applied Optics},
  year      = {2011},
  volume    = {50},
  number    = {34},
  pages     = {H87},
  month     = {nov},
  doi       = {10.1364/ao.50.000h87},
  publisher = {The Optical Society},
}

@Article{Ren2017OL,
  author    = {Zhenbo Ren and Ni Chen and Edmund Y. Lam},
  title     = {Automatic focusing for multisectional objects in digital holography using the structure tensor},
  journal   = {Optics Letters},
  year      = {2017},
  volume    = {42},
  number    = {9},
  pages     = {1720},
  month     = {apr},
  doi       = {10.1364/ol.42.001720},
  publisher = {The Optical Society},
}

@Article{Ren2016AO,
  author    = {Zhenbo Ren and Ni Chen and Edmund Y. Lam},
  title     = {Extended focused imaging and depth map reconstruction in optical scanning holography},
  journal   = {Applied Optics},
  year      = {2016},
  volume    = {55},
  number    = {5},
  pages     = {1040},
  month     = {feb},
  doi       = {10.1364/ao.55.001040},
  publisher = {The Optical Society},
}

@Comment{jabref-meta: databaseType:bibtex;}
